@article{garfield1996cite,
  title={When to cite},
  author={Garfield, Eugene},
  journal={The Library Quarterly},
  volume={66},
  number={4},
  pages={449--458},
  year={1996},
  publisher={University of Chicago Press}
}
